<collection xmlns="http://www.loc.gov/MARC21/slim">
<record>
  <leader>01684nam0a2200265 i 450 </leader>
  <controlfield tag="001">IT\ICCU\CNCE\041396</controlfield>
  <controlfield tag="005">20151127000000.0</controlfield>
  <datafield tag="012" ind1=" " ind2=" ">
    <subfield code="a">ma91 t.am m,i- tedi (3) 1560 (R)</subfield>
    <subfield code="2">fei</subfield>
  </datafield>
  <datafield tag="100" ind1=" " ind2=" ">
    <subfield code="a">19981125d1560        0itac0103    ba</subfield>
  </datafield>
  <datafield tag="101" ind1=" " ind2=" ">
    <subfield code="a">LAT</subfield>
  </datafield>
  <datafield tag="102" ind1=" " ind2=" ">
    <subfield code="a">IT</subfield>
  </datafield>
  <datafield tag="200" ind1="1" ind2=" ">
    <subfield code="a">Praxis beneficiorum vtilissima, acquirendi, conseruandique illa, ac amittendi modos continens, vsm͠que et stylum literarum Curiae Romanae, formas denique signaturae, bullae simplicis, ac nouae prouisionis dispensationisque, atque aliarum literarum gratiae, ... explicationem, et aliorum, quae ad hanc materiam spectant, et quae in forensi versantur iudicio, prout indicat sequens pagina. Authore d. Petro Rebuffo de Montepessulano ... Accessit his singularium materiarum locupletissimus Index in gratiam studiosorum per elementa alphabetica venust ̈digestus</subfield>
  </datafield>
  <datafield tag="210" ind1=" " ind2=" ">
    <subfield code="a">Venetiis</subfield>
    <subfield code="c">\al segno della Fontana!</subfield>
    <subfield code="d">1560</subfield>
  </datafield>
  <datafield tag="215" ind1=" " ind2=" ">
    <subfield code="a">\8!, 456, \76! p.</subfield>
    <subfield code="d">4ʻ</subfield>
  </datafield>
  <datafield tag="620" ind1=" " ind2=" ">
    <subfield code="a">IT</subfield>
    <subfield code="d">Venezia</subfield>
  </datafield>
  <datafield tag="700" ind1=" " ind2="1">
    <subfield code="a">Rebuffi,</subfield>
    <subfield code="b">Pierre</subfield>
    <subfield code="3">IT\ICCU\CNCA\007017</subfield>
  </datafield>
  <datafield tag="712" ind1="0" ind2="2">
    <subfield code="a">℗al segno della ℗Fontana</subfield>
    <subfield code="3">IT\ICCU\CNCT\000186</subfield>
    <subfield code="4">650</subfield>
  </datafield>
  <datafield tag="790" ind1=" " ind2="1">
    <subfield code="a">Rebuffe,</subfield>
    <subfield code="b">Pierre</subfield>
    <subfield code="3">IT\ICCU\CNCA\023344</subfield>
    <subfield code="z">Rebuffi, Pierre</subfield>
  </datafield>
  <datafield tag="790" ind1=" " ind2="1">
    <subfield code="a">Rebuffus,</subfield>
    <subfield code="b">Petrus</subfield>
    <subfield code="3">IT\ICCU\CNCA\023345</subfield>
    <subfield code="z">Rebuffi, Pierre</subfield>
  </datafield>
  <datafield tag="801" ind1=" " ind2="3">
    <subfield code="a">IT</subfield>
    <subfield code="b">ICCU</subfield>
    <subfield code="c">20201114</subfield>
  </datafield>
  <datafield tag="899" ind1=" " ind2=" ">
    <subfield code="a">Biblioteca comunale Luciano Benincasa. Ancona</subfield>
    <subfield code="1">AN0001</subfield>
    <subfield code="2">URB BA</subfield>
  </datafield>
  <datafield tag="899" ind1=" " ind2=" ">
    <subfield code="a">Biblioteca comunale Francesco Antolisei. San Severino Marche</subfield>
    <subfield code="1">MC0075</subfield>
    <subfield code="2">UMC FA</subfield>
  </datafield>
  <datafield tag="899" ind1=" " ind2=" ">
    <subfield code="a">Biblioteca nazionale Braidense. Milano</subfield>
    <subfield code="1">MI0185</subfield>
    <subfield code="2">MIL NB</subfield>
  </datafield>
  <datafield tag="911" ind1=" " ind2=" ">
    <subfield code="a">Sul front.</subfield>
    <subfield code="9">IT\ICCU\CNCM\000119</subfield>
  </datafield>
  <datafield tag="921" ind1=" " ind2=" ">
    <subfield code="a">IT\ICCU\CNCM\000119</subfield>
    <subfield code="b">Fontana zampillante a forma di anfora sorretta da puttini.</subfield>
    <subfield code="c">Q38</subfield>
    <subfield code="c">Z559</subfield>
    <subfield code="d">Dimensioni: 5,3 x 5,8</subfield>
    <subfield code="f">FONTANA</subfield>
    <subfield code="f">PUTTO</subfield>
    <subfield code="f">VASO</subfield>
    <subfield code="g">1551-1600</subfield>
  </datafield>
</record>
</collection>
